@inproceedings{zheng2018dags,
  title={DAGs with NO TEARS: Continuous optimization for structure learning},
  author={Zheng, Xun and Aragam, Bryon and Ravikumar, Pradeep K and Xing, Eric P},
  booktitle={Advances in Neural Information Processing Systems},
  pages={9472--9483},
  year={2018}
}

@article{vogelstein1988genetic,
  title={Genetic alterations during colorectal-tumor development},
  author={Vogelstein, Bert and Fearon, Eric R and Hamilton, Stanley R and Kern, Scott E and Preisinger, Ann C and Leppert, Mark and Smits, Alida MM and Bos, Johannes L},
  journal={New England Journal of Medicine},
  volume={319},
  number={9},
  pages={525--532},
  year={1988},
  publisher={Mass Medical Soc}
}

@article{desper1999inferring,
  title={Inferring tree models for oncogenesis from comparative genome hybridization data},
  author={Desper, Richard and Jiang, Feng and Kallioniemi, Olli-P and Moch, Holger and Papadimitriou, Christos H and Sch{\"a}ffer, Alejandro A},
  journal={Journal of computational biology},
  volume={6},
  number={1},
  pages={37--51},
  year={1999}
}

@article{beerenwinkel2005learning,
  title={Learning multiple evolutionary pathways from cross-sectional data},
  author={Beerenwinkel, Niko and Rahnenf{\"u}hrer, J{\"o}rg and D{\"a}umer, Martin and Hoffmann, Daniel and Kaiser, Rolf and Selbig, Joachim and Lengauer, Thomas},
  journal={Journal of computational biology},
  volume={12},
  number={6},
  pages={584--598},
  year={2005},
  publisher={Mary Ann Liebert, Inc. 2 Madison Avenue Larchmont, NY 10538 USA}
}

@article{beerenwinkel2007conjunctive,
  title={Conjunctive bayesian networks},
  author={Beerenwinkel, Niko and Eriksson, Nicholas and Sturmfels, Bernd},
  journal={Bernoulli},
  pages={893--909},
  year={2007},
  publisher={JSTOR}
}

@article{nicol2020oncogenetic,
  title={Oncogenetic Network Estimation with Disjunctive Bayesian Networks: Learning from Unstratified Samples while Preserving Mutual Exclusivity Relations},
  author={Nicol, Phillip B and Coombes, Kevin R and Deaver, Courtney and Chkrebtii, Oksana A and Paul, Subhadeep and Toland, Amanda E and Asiaee, Amir},
  journal={bioRxiv},
  year={2020},
  publisher={Cold Spring Harbor Laboratory}
}

@article{ramazzotti2015capri,
  title={CAPRI: efficient inference of cancer progression models from cross-sectional data},
  author={Ramazzotti, Daniele and Caravagna, Giulio and Olde Loohuis, Loes and Graudenzi, Alex and Korsunsky, Ilya and Mauri, Giancarlo and Antoniotti, Marco and Mishra, Bud},
  journal={Bioinformatics},
  volume={31},
  number={18},
  pages={3016--3026},
  year={2015},
  publisher={Oxford University Press}
}

@article{bailey2018comprehensive,
  title={Comprehensive characterization of cancer driver genes and mutations},
  author={Bailey, Matthew H and Tokheim, Collin and Porta-Pardo, Eduard and Sengupta, Sohini and Bertrand, Denis and Weerasinghe, Amila and Colaprico, Antonio and Wendl, Michael C and Kim, Jaegil and Reardon, Brendan and others},
  journal={Cell},
  volume={173},
  number={2},
  pages={371--385},
  year={2018},
  publisher={Elsevier}
}

@article{davies2002mutations,
  title={Mutations of the BRAF gene in human cancer},
  author={Davies, Helen and Bignell, Graham R and Cox, Charles and Stephens, Philip and Edkins, Sarah and Clegg, Sheila and Teague, Jon and Woffendin, Hayley and Garnett, Mathew J and Bottomley, William and others},
  journal={Nature},
  volume={417},
  number={6892},
  pages={949--954},
  year={2002},
  publisher={Nature Publishing Group}
}

@ARTICLE{Cristea2017-fd,
  title     = "{pathTiMEx}: Joint Inference of Mutually Exclusive Cancer
               Pathways and Their Progression Dynamics",
  author    = "Cristea, Simona and Kuipers, Jack and Beerenwinkel, Niko",
  journal   = "Journal of computational biology: a journal of computational
               molecular cell biology",
  publisher = "liebertpub.com",
  volume    =  24,
  number    =  6,
  pages     = "603--615",
  month     =  jun,
  year      =  2017,
  language  = "en"
}

@ARTICLE{Ramazzotti2015-jp,
  title     = "{CAPRI}: efficient inference of cancer progression models from
               cross-sectional data",
  author    = "Ramazzotti, Daniele and Caravagna, Giulio and Olde Loohuis, Loes
               and Graudenzi, Alex and Korsunsky, Ilya and Mauri, Giancarlo and
               Antoniotti, Marco and Mishra, Bud",
  journal   = "Bioinformatics",
  publisher = "academic.oup.com",
  volume    =  31,
  number    =  18,
  pages     = "3016--3026",
  month     =  sep,
  year      =  2015,
  language  = "en"
}

@ARTICLE{Gerstung2011-ul,
  title     = "The temporal order of genetic and pathway alterations in
               tumorigenesis",
  author    = "Gerstung, Moritz and Eriksson, Nicholas and Lin, Jimmy and
               Vogelstein, Bert and Beerenwinkel, Niko",
  journal   = "PloS one",
  publisher = "journals.plos.org",
  volume    =  6,
  number    =  11,
  pages     = "e27136",
  month     =  nov,
  year      =  2011,
  language  = "en"
}

@ARTICLE{Marusyk2020-ee,
  title    = "Intratumor Heterogeneity: The Rosetta Stone of Therapy Resistance",
  author   = "Marusyk, Andriy and Janiszewska, Michalina and Polyak, Kornelia",
  journal  = "Cancer cell",
  volume   =  37,
  number   =  4,
  pages    = "471--484",
  month    =  apr,
  year     =  2020,
  language = "en"
}


@ARTICLE{Lahnemann2020-ao,
  title    = "Eleven grand challenges in single-cell data science",
  author   = "L{\"a}hnemann, David and K{\"o}ster, Johannes and Szczurek, Ewa
              and McCarthy, Davis J and Hicks, Stephanie C and Robinson, Mark D
              and Vallejos, Catalina A and Campbell, Kieran R and Beerenwinkel,
              Niko and Mahfouz, Ahmed and Pinello, Luca and Skums, Pavel and
              Stamatakis, Alexandros and Attolini, Camille Stephan-Otto and
              Aparicio, Samuel and Baaijens, Jasmijn and Balvert, Marleen and
              Barbanson, Buys de and Cappuccio, Antonio and Corleone, Giacomo
              and Dutilh, Bas E and Florescu, Maria and Guryev, Victor and
              Holmer, Rens and Jahn, Katharina and Lobo, Thamar Jessurun and
              Keizer, Emma M and Khatri, Indu and Kielbasa, Szymon M and
              Korbel, Jan O and Kozlov, Alexey M and Kuo, Tzu-Hao and
              Lelieveldt, Boudewijn P F and Mandoiu, Ion I and Marioni, John C
              and Marschall, Tobias and M{\"o}lder, Felix and Niknejad, Amir
              and Raczkowski, Lukasz and Reinders, Marcel and Ridder, Jeroen de
              and Saliba, Antoine-Emmanuel and Somarakis, Antonios and Stegle,
              Oliver and Theis, Fabian J and Yang, Huan and Zelikovsky, Alex
              and McHardy, Alice C and Raphael, Benjamin J and Shah, Sohrab P
              and Sch{\"o}nhuth, Alexander",
  journal  = "Genome biology",
  volume   =  21,
  number   =  1,
  pages    = "31",
  month    =  feb,
  year     =  2020,
  language = "en"
}


@ARTICLE{Cancer_Genome_Atlas_Research_Network2013-ee,
  title     = "The Cancer Genome Atlas {Pan-Cancer} analysis project",
  author    = "{Cancer Genome Atlas Research Network} and Weinstein, John N and
               Collisson, Eric A and Mills, Gordon B and Shaw, Kenna R Mills
               and Ozenberger, Brad A and Ellrott, Kyle and Shmulevich, Ilya
               and Sander, Chris and Stuart, Joshua M",
  journal   = "Nature genetics",
  publisher = "nature.com",
  volume    =  45,
  number    =  10,
  pages     = "1113--1120",
  month     =  oct,
  year      =  2013,
  language  = "en"
}

@article{davies2010analysis,
  title={Analysis of the genome to personalize therapy for melanoma},
  author={Davies, Michael A and Samuels, Y},
  journal={Oncogene},
  volume={29},
  number={41},
  pages={5545--5555},
  year={2010},
  publisher={Nature Publishing Group}
}


@ARTICLE{Hosseini2019-xc,
  title    = "Estimating the predictability of cancer evolution",
  author   = "Hosseini, Sayed-Rzgar and Diaz-Uriarte, Ramon and Markowetz,
              Florian and Beerenwinkel, Niko",
  journal  = "Bioinformatics",
  volume   =  35,
  number   =  14,
  pages    = "i389--i397",
  month    =  jul,
  year     =  2019,
  language = "en"
}


@ARTICLE{Beerenwinkel2015-it,
  title    = "Cancer evolution: mathematical models and computational inference",
  author   = "Beerenwinkel, Niko and Schwarz, Roland F and Gerstung, Moritz and
              Markowetz, Florian",
  journal  = "Systematic biology",
  volume   =  64,
  number   =  1,
  pages    = "e1--25",
  month    =  jan,
  year     =  2015,
  language = "en"
}

@article{akbani2015genomic,
  title={Genomic classification of cutaneous melanoma},
  author={Akbani, Rehan and Akdemir, Kadir C and Aksoy, B Arman and Albert, Monique and Ally, Adrian and Amin, Samirkumar B and Arachchi, Harindra and Arora, Arshi and Auman, J Todd and Ayala, Brenda and others},
  journal={Cell},
  volume={161},
  number={7},
  pages={1681--1696},
  year={2015},
  publisher={Elsevier}
}

@article{rajkumar2016molecular,
  title={Molecular characterisation of cutaneous melanoma: creating a framework for targeted and immune therapies},
  author={Rajkumar, Shivshankari and Watson, Ian R},
  journal={British journal of cancer},
  volume={115},
  number={2},
  pages={145--155},
  year={2016},
  publisher={Nature Publishing Group}
}

@article{kunz2014oncogenes,
  title={Oncogenes in melanoma: an update},
  author={Kunz, Manfred},
  journal={European journal of cell biology},
  volume={93},
  number={1-2},
  pages={1--10},
  year={2014},
  publisher={Elsevier}
}

@article{davis2018melanoma,
  title={Melanoma: What do all the mutations mean?},
  author={Davis, Elizabeth J and Johnson, Douglas B and Sosman, Jeffrey A and Chandra, Sunandana},
  journal={Cancer},
  volume={124},
  number={17},
  pages={3490--3499},
  year={2018},
  publisher={Wiley Online Library}
}

@article{shain2015genetic,
  title={The genetic evolution of melanoma from precursor lesions},
  author={Shain, A Hunter and Yeh, Iwei and Kovalyshyn, Ivanka and Sriharan, Aravindhan and Talevich, Eric and Gagnon, Alexander and Dummer, Reinhard and North, Jeffrey and Pincus, Laura and Ruben, Beth and others},
  journal={New England Journal of Medicine},
  volume={373},
  number={20},
  pages={1926--1936},
  year={2015},
  publisher={Mass Medical Soc}
}

% cBioPortal
@misc{cerami2012cbio,
  title={The cBio cancer genomics portal: an open platform for exploring multidimensional cancer genomics data},
  author={Cerami, Ethan and Gao, Jianjiong and Dogrusoz, Ugur and Gross, Benjamin E and Sumer, Selcuk Onur and Aksoy, B{\"u}lent Arman and Jacobsen, Anders and Byrne, Caitlin J and Heuer, Michael L and Larsson, Erik and others},
  year={2012},
  publisher={AACR}
}

% cBioPortal
@article{gao2013integrative,
  title={Integrative analysis of complex cancer genomics and clinical profiles using the cBioPortal},
  author={Gao, Jianjiong and Aksoy, B{\"u}lent Arman and Dogrusoz, Ugur and Dresdner, Gideon and Gross, Benjamin and Sumer, S Onur and Sun, Yichao and Jacobsen, Anders and Sinha, Rileen and Larsson, Erik and others},
  journal={Sci. Signal.},
  volume={6},
  number={269},
  pages={pl1--pl1},
  year={2013},
  publisher={American Association for the Advancement of Science}
}